<collection xmlns="http://www.loc.gov/MARC21/slim">
   <record>
      <leader>04589cam a2200529 i 4500</leader>
      <controlfield tag="001">6700689</controlfield>
      <controlfield tag="003">OCoLC</controlfield>
      <controlfield tag="005">20140916135950.0</controlfield>
      <controlfield tag="008">140407t20152015ctua     b    001 0 eng  </controlfield>
      <datafield ind1=" " ind2=" " tag="010">
         <subfield code="a">  2013952531</subfield>
      </datafield>
      <datafield ind1="7" ind2=" " tag="016">
         <subfield code="a">101633729</subfield>
         <subfield code="2">DNLM</subfield>
      </datafield>
      <datafield ind1=" " ind2=" " tag="020">
         <subfield code="a">9781285077888 (paperback)</subfield>
      </datafield>
      <datafield ind1=" " ind2=" " tag="020">
         <subfield code="a">1285077881 (paperback)</subfield>
      </datafield>
      <datafield ind1=" " ind2=" " tag="020">
         <subfield code="a">1285077903</subfield>
      </datafield>
      <datafield ind1=" " ind2=" " tag="020">
         <subfield code="a">9781285077901</subfield>
      </datafield>
      <datafield ind1=" " ind2=" " tag="035">
         <subfield code="a">ocn878929861</subfield>
      </datafield>
      <datafield ind1=" " ind2=" " tag="040">
         <subfield code="a">NLM</subfield>
         <subfield code="b">eng</subfield>
         <subfield code="e">rda</subfield>
         <subfield code="c">NLM</subfield>
         <subfield code="d">BURCL</subfield>
         <subfield code="d">YDXCP</subfield>
         <subfield code="d">NEH</subfield>
         <subfield code="d">OCLCO</subfield>
         <subfield code="d">OCLCF</subfield>
         <subfield code="d">HAC</subfield>
         <subfield code="d">UAB</subfield>
      </datafield>
      <datafield ind1=" " ind2=" " tag="042">
         <subfield code="a">pcc</subfield>
      </datafield>
      <datafield ind1="1" ind2="4" tag="050">
         <subfield code="a">RM300</subfield>
         <subfield code="b">.W67 2015</subfield>
      </datafield>
      <datafield ind1="0" ind2="0" tag="060">
         <subfield code="a">2014 G-299</subfield>
      </datafield>
      <datafield ind1="1" ind2="0" tag="060">
         <subfield code="a">QV 4</subfield>
      </datafield>
      <datafield ind1="0" ind2="4" tag="082">
         <subfield code="a">615.5/8</subfield>
         <subfield code="2">23</subfield>
      </datafield>
      <datafield ind1=" " ind2=" " tag="090">
         <subfield code="a">RM 300 W67 2015</subfield>
         <subfield code="b">AEU</subfield>
      </datafield>
      <datafield ind1="1" ind2=" " tag="100">
         <subfield code="a">Woodrow, Ruth,</subfield>
         <subfield code="e">author.</subfield>
         <subfield code="0">http://id.loc.gov/authorities/names/n86040879</subfield>
         <subfield code="0">http://viaf.org/viaf/114159430</subfield>
      </datafield>
      <datafield ind1="1" ind2="0" tag="245">
         <subfield code="a">Essentials of pharmacology for health professions /</subfield>
         <subfield code="c">Ruth Woodrow, RN, MA, Bruce J. Colbert, MS, RRT, David M. Smith, RPh, MS.</subfield>
      </datafield>
      <datafield ind1=" " ind2=" " tag="250">
         <subfield code="a">Seventh edition.</subfield>
      </datafield>
      <datafield ind1=" " ind2="1" tag="264">
         <subfield code="a">Stamford, CT, USA :</subfield>
         <subfield code="b">Cengage Learning,</subfield>
         <subfield code="c">[2015]</subfield>
      </datafield>
      <datafield ind1=" " ind2="4" tag="264">
         <subfield code="c">©2015</subfield>
      </datafield>
      <datafield ind1=" " ind2=" " tag="300">
         <subfield code="a">xxviii, 639 pages :</subfield>
         <subfield code="b">color illustrations ;</subfield>
         <subfield code="c">28 cm</subfield>
      </datafield>
      <datafield ind1=" " ind2=" " tag="336">
         <subfield code="a">text</subfield>
         <subfield code="b">txt</subfield>
         <subfield code="2">rdacontent</subfield>
         <subfield code="0">http://id.loc.gov/vocabulary/contentTypes/txt</subfield>
      </datafield>
      <datafield ind1=" " ind2=" " tag="337">
         <subfield code="a">unmediated</subfield>
         <subfield code="b">n</subfield>
         <subfield code="2">rdamedia</subfield>
         <subfield code="0">http://id.loc.gov/vocabulary/mediaTypes/n</subfield>
      </datafield>
      <datafield ind1=" " ind2=" " tag="338">
         <subfield code="a">volume</subfield>
         <subfield code="b">nc</subfield>
         <subfield code="2">rdacarrier</subfield>
         <subfield code="0">http://id.loc.gov/vocabulary/carriers/nc</subfield>
      </datafield>
      <datafield ind1=" " ind2=" " tag="500">
         <subfield code="a">Previous edition: published as Essentials of pharmacology for health occupations. 2011.</subfield>
      </datafield>
      <datafield ind1=" " ind2=" " tag="504">
         <subfield code="a">Includes bibliographical references and index.</subfield>
      </datafield>
      <datafield ind1="0" ind2=" " tag="505">
         <subfield code="a">Consumer safety and drug regulations -- Drug names and references -- Sources and bodily effects of drugs -- Medication preparations and supplies -- Abbreviations and systems of measurement -- Safe dosage calculations -- Responsibilities and principles of drug administration -- Administration by the gastrointestinal route -- Administration by the parenteral route -- Poison control -- Vitamins, minerals, and herbs -- Skin medications -- Autonomic nervous system drugs -- Antineoplastic drugs -- Urinary system drugs -- Gastrointestinal drugs -- Anti-infective drugs -- Eye medications -- Analgesics, sedatives, and hypnotics -- Psychotropic medications, alcohol, and drug abuse -- Musculoskeletal and anti-inflammatory drugs -- Anticonvulsants, antiparkinsonian drugs, and agents for Alzheimer's disease -- Endocrine system drugs -- Reproductive system drugs -- Cardiovascular drugs -- Respiratory system drugs and antihistamines -- Drugs and older adults.</subfield>
      </datafield>
      <datafield ind1=" " ind2=" " tag="520">
         <subfield code="a">Now in its 7th Edition, ESSENTIALS OF PHARMACOLOGY FOR HEALTH PROFESSIONS is the best-selling resource for those preparing for licensed practical nursing, medical assisting, and other allied health careers. Clear, concise writing focused on "need to know" drug information gives readers the confidence to master pharmacology. Learn calculations quickly through a simplified step-by-step process. Part I chapters center on basic pharmacologic principles. Medication preparation, supplies, and specific information on each route of administration is covered. Administration checklists allow the learner to put the knowledge into practice. . Part II chapters organize drugs by classifications, and includes purpose, side effects, cautions, interactions, and contraindications. Patient education is highlighted for each category. Reference tables with each classification list the most commonly prescribed drugs according to generic and trade names, with dosage and available forms. The complete pharmacology resource for allied health professionals at every experience level, ESSENTIALS OF PHARMACOLOGY FOR HEALTH PROFESSIONS, 7th Edition also makes a great refresher and on-the-job reference.</subfield>
      </datafield>
      <datafield ind1=" " ind2=" " tag="596">
         <subfield code="a">42</subfield>
      </datafield>
      <datafield ind1="1" ind2="2" tag="650">
         <subfield code="a">Pharmacology.</subfield>
         <subfield code="0">http://id.nlm.nih.gov/mesh/D010600</subfield>
      </datafield>
      <datafield ind1="2" ind2="2" tag="650">
         <subfield code="a">Allied Health Personnel.</subfield>
         <subfield code="0">http://id.nlm.nih.gov/mesh/D000488</subfield>
      </datafield>
      <datafield ind1="2" ind2="2" tag="650">
         <subfield code="a">Drug Therapy.</subfield>
         <subfield code="0">http://id.nlm.nih.gov/mesh/D004358</subfield>
      </datafield>
      <datafield ind1=" " ind2="0" tag="650">
         <subfield code="a">Pharmacology</subfield>
         <subfield code="v">Examinations, questions, etc.</subfield>
         <subfield code="0">http://id.loc.gov/authorities/subjects/sh2008109176</subfield>
      </datafield>
      <datafield ind1="1" ind2=" " tag="700">
         <subfield code="a">Colbert, Bruce J.,</subfield>
         <subfield code="e">author.</subfield>
         <subfield code="0">http://id.loc.gov/authorities/names/n95033205</subfield>
         <subfield code="0">http://viaf.org/viaf/70636147</subfield>
      </datafield>
      <datafield ind1="1" ind2=" " tag="700">
         <subfield code="a">Smith, David M.</subfield>
         <subfield code="c">(Pharmacist),</subfield>
         <subfield code="e">author.</subfield>
         <subfield code="0">http://id.loc.gov/authorities/names/n2012182432</subfield>
         <subfield code="0">http://viaf.org/viaf/232571672</subfield>
      </datafield>
      <datafield ind1=" " ind2=" " tag="758">
         <subfield code="0">http://worldcat.org/entity/work/id/23440583</subfield>
      </datafield>
      <datafield ind1="0" ind2=" " tag="787">
         <subfield code="n">OCLC Work Id</subfield>
         <subfield code="o">http://worldcat.org/entity/work/id/23440583</subfield>
      </datafield>
      <datafield ind1=" " ind2=" " tag="949">
         <subfield code="a">RM 300 W67 2015</subfield>
         <subfield code="c">1</subfield>
         <subfield code="h">UAHL-B</subfield>
         <subfield code="i">0162035160462</subfield>
      </datafield>
      <datafield ind1=" " ind2=" " tag="926">
         <subfield code="a">RM 300 W67 2015</subfield>
         <subfield code="w">LC</subfield>
         <subfield code="c">1</subfield>
         <subfield code="i">0162035160462</subfield>
         <subfield code="d">12/16/2016</subfield>
         <subfield code="e">11/27/2016</subfield>
         <subfield code="l">ON_SHELF</subfield>
         <subfield code="m">UAHLTHSC</subfield>
         <subfield code="n">15</subfield>
         <subfield code="p">$150.00</subfield>
         <subfield code="r">Y</subfield>
         <subfield code="s">Y</subfield>
         <subfield code="t">BOOK</subfield>
         <subfield code="u">10/1/2014</subfield>
      </datafield>
   </record>
</collection>
